@incollection{Wadle93,
	Priority = {2},
	Posted-At = {2007-08-27 14:34:06},
	Date-Modified = {2012-10-30 15:31:49 +0000},
	Author = {Wadler, Philip},
	Url = {http://citeseerx.ist.psu.edu/viewdoc/summary?doi=10.1.1.47.4582},
	Abstract = {{. The use of monads to structure functional programs is described. Monads provide a convenient framework for simulating effects found in other languages, such as global state, exception handling, output, or non-determinism. Three case studies are looked at in detail: how monads ease the modification of a simple evaluator; how monads act as the basis of a datatype of arrays subject to in-place update; and how monads can be used to build parsers. 1 Introduction Shall I be pure or impure? The...}},
	Title = {{Monads for functional programming}},
	Citeulike-Article-Id = {82598},
	Keywords = {functional, programming},
	Publisher = {Springer-Verlag},
	Year = {1993},
	Citeulike-Linkout-0 = {http://citeseerx.ist.psu.edu/viewdoc/summary?doi=10.1.1.47.4582},
	Booktitle = {Proceedings of the 1992 Marktoberdorf International Summer School},
	Date-Added = {2012-10-29 19:17:05 +0000},
}

@article{Adams11,
	Publisher = {Information Science Reference},
	Date-Modified = {2012-10-30 16:08:31 +0000},
	Author = {Adams, P.J. and Capiluppi, A.},
	Journal = {Multi-Disciplinary Advancement in Open Source Software and Processes},
	Title = {Bridging the gap between agile and free software approaches: The impact of sprinting},
	Year = {2011},
	Pages = {54},
	Date-Added = {2012-10-30 16:08:26 +0000},
}

@article{Ivers80,
	Date-Modified = {2012-10-30 12:19:57 +0000},
	Author = {Kenneth E. Iverson},
	Journal = {Communications of the ACM},
	Title = {Notation as a Tool of Thought},
	Number = {8},
	Month = {Aug},
	Volume = {23},
	Year = {1980},
	Date-Added = {2012-10-30 12:19:07 +0000},
}

@incollection{Futsc06,
	Bdsk-Url-1 = {http://dx.doi.org/10.1007/11915355_15},
	Publisher = {Springer Berlin},
	Isbn = {978-3-540-48218-5},
	Date-Modified = {2012-10-29 18:54:17 +0000},
	Keyword = {Computer Science},
	Author = {Gerald Futschek},
	Url = {http://dx.doi.org/10.1007/11915355_15},
	Series = {Lecture Notes in Computer Science},
	Booktitle = {Informatics Education -- The Bridge between Using and Understanding Computers},
	Title = {Algorithmic Thinking: The Key for Understanding Computer Science},
	Volume = {4226},
	Editor = {Mittermeir, Roland},
	Year = {2006},
	Pages = {159--168},
	Date-Added = {2012-10-29 17:05:14 +0000},
}

@article{Lamme08,
	Date-Modified = {2012-10-30 15:19:37 +0000},
	Author = {Ralf L{\"a}mmel},
	Journal = {Science of Computer Programming},
	Title = {{Google's MapReduce Programming Model -- Revisited}},
	Year = 2008,
	Date-Added = {2012-10-30 15:19:32 +0000},
}

@inproceedings{Meije91,
	Date-Modified = {2012-10-29 19:18:37 +0000},
	Author = {Meijer, E. and Fokkinga, M. and Paterson, R.},
	Booktitle = {Functional Programming Languages and Computer Architecture},
	Title = {Functional programming with bananas, lenses, envelopes and barbed wire},
	Year = {1991},
	Organization = {Springer},
	Pages = {124--144},
	Date-Added = {2012-10-29 19:18:34 +0000},
}

@book{Hutto07,
	Publisher = {Cambridge University Press},
	Date-Modified = {2012-10-29 19:01:25 +0000},
	Author = {Hutton, Graham},
	Title = {Programming in Haskell},
	Year = {2007},
	Date-Added = {2012-10-29 19:01:11 +0000},
}

@book{Baren84,
	Publisher = {North Holland},
	Date-Modified = {2012-10-29 19:22:46 +0000},
	Author = {Barendregt, H.P.},
	Title = {The lambda calculus: Its syntax and semantics},
	Volume = {103},
	Year = {1984},
	Date-Added = {2012-10-29 19:22:42 +0000},
}

@article{Joost93,
	Publisher = {Cambridge Univ Press},
	Date-Modified = {2012-10-19 09:02:45 +0000},
	Author = {Joosten, S. and Berg, K. and Hoeven, G.V.D.},
	Journal = {Journal of Functional Programming},
	Title = {Teaching functional programming to first-year students},
	Number = {1},
	Volume = {3},
	Year = {1993},
	Bdsk-File-1 = {YnBsaXN0MDDUAQIDBAUIJidUJHRvcFgkb2JqZWN0c1gkdmVyc2lvblkkYXJjaGl2ZXLRBgdUcm9vdIABqAkKFRYXGyIjVSRudWxs0wsMDQ4RElpOUy5vYmplY3RzViRjbGFzc1dOUy5rZXlzog8QgASABoAHohMUgAKAA1lhbGlhc0RhdGFccmVsYXRpdmVQYXRo0hgMGRpXTlMuZGF0YU8RAjoAAAAAAjoAAgAADE1hY2ludG9zaCBIRAAAAAAAAAAAAAAAAAAAAMtobc5IKwAAAC8YMB9UZWFjaGluZyBmdW5jdGlvbmFsICNDMzkyQzcucGRmAAAAAAAAAAAAAAAAAAAAAAAAAAAAAAAAAAAAAAAAAAAAw5LHzKbi5AAAAAAAAAAAAAEAAgAACSAAAAAAAAAAAAAAAAAAAAAEbGFuZwAQAAgAAMtoX74AAAARAAgAAMymxsQAAAABABQALxgwAC8XWwAvFkYABch2AAC5VgACAFhNYWNpbnRvc2ggSEQ6VXNlcnM6AGdvdXNpb3NnOgBEb2N1bWVudHM6AGJpYmxpc3RzOgBsYW5nOgBUZWFjaGluZyBmdW5jdGlvbmFsICNDMzkyQzcucGRmAA4AeAA7AFQAZQBhAGMAaABpAG4AZwAgAGYAdQBuAGMAdABpAG8AbgBhAGwAIABwAHIAbwBnAHIAYQBtAG0AaQBuAGcAIAB0AG8AIABmAGkAcgBzAHQALQB5AGUAYQByACAAcwB0AHUAZABlAG4AdABzADAALgBwAGQAZgAPABoADABNAGEAYwBpAG4AdABvAHMAaAAgAEgARAASAGJVc2Vycy9nb3VzaW9zZy9Eb2N1bWVudHMvYmlibGlzdHMvbGFuZy9UZWFjaGluZyBmdW5jdGlvbmFsIHByb2dyYW1taW5nIHRvIGZpcnN0LXllYXIgc3R1ZGVudHMwLnBkZgATAAEvAAAVAAIAD///AACABdIcHR4fWCRjbGFzc2VzWiRjbGFzc25hbWWjHyAhXU5TTXV0YWJsZURhdGFWTlNEYXRhWE5TT2JqZWN0XxA7VGVhY2hpbmcgZnVuY3Rpb25hbCBwcm9ncmFtbWluZyB0byBmaXJzdC15ZWFyIHN0dWRlbnRzMC5wZGbSHB0kJaIlIVxOU0RpY3Rpb25hcnkSAAGGoF8QD05TS2V5ZWRBcmNoaXZlcgAIABEAFgAfACgAMgA1ADoAPABFAEsAUgBdAGQAbABvAHEAcwB1AHgAegB8AIYAkwCYAKAC3gLgAuUC7gL5Av0DCwMSAxsDWQNeA2EDbgNzAAAAAAAAAgEAAAAAAAAAKAAAAAAAAAAAAAAAAAAAA4U=},
	Pages = {49--65},
	Date-Added = {2012-10-19 09:02:42 +0000},
}

@inproceedings{Torre06,
	Bdsk-Url-1 = {http://doi.acm.org/10.1145/1180098.1180128},
	Publisher = {ACM},
	Doi = {10.1145/1180098.1180128},
	Isbn = {1-59593-364-6},
	Date-Modified = {2012-10-19 12:56:57 +0000},
	Author = {Torrence, Ann},
	Url = {http://doi.acm.org/10.1145/1180098.1180128},
	Series = {SIGGRAPH '06},
	Booktitle = {ACM SIGGRAPH 2006},
	Acmid = {1180128},
	Bdsk-Url-2 = {http://dx.doi.org/10.1145/1180098.1180128},
	Year = {2006},
	Title = {Martin Newell's original teapot},
	Location = {Boston, Massachusetts},
	Address = {New York, NY, USA},
	Articleno = {29},
	Date-Added = {2012-10-19 12:56:36 +0000},
}

@inproceedings{Dean04,
	Date-Modified = {2009-06-24 23:04:59 +0300},
	Author = {Jeffrey Dean and Sanjay Ghemawat},
	Booktitle = {Proceedings of the 6th Symposium on Operating Systems Design and Implementation},
	Title = {{MapR}educe: Simplified Data Processing on Large Clusters},
	Year = {2004},
	Bdsk-File-1 = {YnBsaXN0MDDUAQIDBAUIJidUJHRvcFgkb2JqZWN0c1gkdmVyc2lvblkkYXJjaGl2ZXLRBgdUcm9vdIABqAkKFRYXGyIjVSRudWxs0wsMDQ4RElpOUy5vYmplY3RzViRjbGFzc1dOUy5rZXlzog8QgASABoAHohMUgAKAA1lhbGlhc0RhdGFccmVsYXRpdmVQYXRo0hgMGRpXTlMuZGF0YU8RAkgAAAAAAkgAAgAADE1hY2ludG9zaCBIRAAAAAAAAAAAAAAAAAAAAMtobc5IKwAAAC8Ykh9NYXBSZWR1Y2UvIFNpbXBsaWZpZSMyRjE5MjEucGRmAAAAAAAAAAAAAAAAAAAAAAAAAAAAAAAAAAAAAAAAAAAALxkhxhZvqgAAAAAAAAAAAAEAAgAACSAAAAAAAAAAAAAAAAAAAAAHc29mdGVuZwAAEAAIAADLaF++AAAAEQAIAADGFlOKAAAAAQAUAC8YkgAvF1sALxZGAAXIdgAAuVYAAgBbTWFjaW50b3NoIEhEOlVzZXJzOgBnb3VzaW9zZzoARG9jdW1lbnRzOgBiaWJsaXN0czoAc29mdGVuZzoATWFwUmVkdWNlLyBTaW1wbGlmaWUjMkYxOTIxLnBkZgAADgB6ADwATQBhAHAAUgBlAGQAdQBjAGUALwAgAFMAaQBtAHAAbABpAGYAaQBlAGQAIABEAGEAdABhACAAUAByAG8AYwBlAHMAcwBpAG4AZwAgAG8AbgAgAEwAYQByAGcAZQAgAEMAbAB1AHMAdABlAHIAcwAwAC4AcABkAGYADwAaAAwATQBhAGMAaQBuAHQAbwBzAGgAIABIAEQAEgBmVXNlcnMvZ291c2lvc2cvRG9jdW1lbnRzL2JpYmxpc3RzL3NvZnRlbmcvTWFwUmVkdWNlOiBTaW1wbGlmaWVkIERhdGEgUHJvY2Vzc2luZyBvbiBMYXJnZSBDbHVzdGVyczAucGRmABMAAS8AABUAAgAP//8AAIAF0hwdHh9YJGNsYXNzZXNaJGNsYXNzbmFtZaMfICFdTlNNdXRhYmxlRGF0YVZOU0RhdGFYTlNPYmplY3RfEDxNYXBSZWR1Y2U6IFNpbXBsaWZpZWQgRGF0YSBQcm9jZXNzaW5nIG9uIExhcmdlIENsdXN0ZXJzMC5wZGbSHB0kJaIlIVxOU0RpY3Rpb25hcnkSAAGGoF8QD05TS2V5ZWRBcmNoaXZlcgAIABEAFgAfACgAMgA1ADoAPABFAEsAUgBdAGQAbABvAHEAcwB1AHgAegB8AIYAkwCYAKAC7ALuAvMC/AMHAwsDGQMgAykDaANtA3ADfQOCAAAAAAAAAgEAAAAAAAAAKAAAAAAAAAAAAAAAAAAAA5Q=},
	Pages = {137--150},
	Date-Added = {2009-04-23 19:48:04 +0300},
}

@article{Meije11,
	Numpages = {7},
	Publisher = {ACM},
	Issue_Date = {October 2011},
	Doi = {10.1145/2001269.2001285},
	Date-Modified = {2012-10-30 15:32:37 +0000},
	Author = {Meijer, Erik},
	Url = {http://doi.acm.org/10.1145/2001269.2001285},
	Journal = {Commun. ACM},
	Acmid = {2001285},
	Number = {10},
	Month = oct,
	Volume = {54},
	Issn = {0001-0782},
	Title = {The world according to {LINQ}},
	Year = {2011},
	Address = {New York, NY, USA},
	Bdsk-File-1 = {YnBsaXN0MDDUAQIDBAUIJidUJHRvcFgkb2JqZWN0c1gkdmVyc2lvblkkYXJjaGl2ZXLRBgdUcm9vdIABqAkKFRYXGyIjVSRudWxs0wsMDQ4RElpOUy5vYmplY3RzViRjbGFzc1dOUy5rZXlzog8QgASABoAHohMUgAKAA1lhbGlhc0RhdGFccmVsYXRpdmVQYXRo0hgMGRpXTlMuZGF0YU8RAeoAAAAAAeoAAgAADE1hY2ludG9zaCBIRAAAAAAAAAAAAAAAAAAAAMtobc5IKwAAAC8YMB9UaGUgd29ybGQgYWNjb3JkaW5nICNEQTIyQTIucGRmAAAAAAAAAAAAAAAAAAAAAAAAAAAAAAAAAAAAAAAAAAAA2iKizLWxCQAAAAAAAAAAAAEAAgAACSAAAAAAAAAAAAAAAAAAAAAEbGFuZwAQAAgAAMtoX74AAAARAAgAAMy1ovkAAAABABQALxgwAC8XWwAvFkYABch2AAC5VgACAFhNYWNpbnRvc2ggSEQ6VXNlcnM6AGdvdXNpb3NnOgBEb2N1bWVudHM6AGJpYmxpc3RzOgBsYW5nOgBUaGUgd29ybGQgYWNjb3JkaW5nICNEQTIyQTIucGRmAA4AQgAgAFQAaABlACAAdwBvAHIAbABkACAAYQBjAGMAbwByAGQAaQBuAGcAIAB0AG8AIABMAEkATgBRADAALgBwAGQAZgAPABoADABNAGEAYwBpAG4AdABvAHMAaAAgAEgARAASAEdVc2Vycy9nb3VzaW9zZy9Eb2N1bWVudHMvYmlibGlzdHMvbGFuZy9UaGUgd29ybGQgYWNjb3JkaW5nIHRvIExJTlEwLnBkZgAAEwABLwAAFQACAA///wAAgAXSHB0eH1gkY2xhc3Nlc1okY2xhc3NuYW1lox8gIV1OU011dGFibGVEYXRhVk5TRGF0YVhOU09iamVjdF8QIFRoZSB3b3JsZCBhY2NvcmRpbmcgdG8gTElOUTAucGRm0hwdJCWiJSFcTlNEaWN0aW9uYXJ5EgABhqBfEA9OU0tleWVkQXJjaGl2ZXIACAARABYAHwAoADIANQA6ADwARQBLAFIAXQBkAGwAbwBxAHMAdQB4AHoAfACGAJMAmACgAo4CkAKVAp4CqQKtArsCwgLLAu4C8wL2AwMDCAAAAAAAAAIBAAAAAAAAACgAAAAAAAAAAAAAAAAAAAMa},
	Pages = {45--51},
	Date-Added = {2012-10-30 15:29:49 +0000},
}

